@ARTICLE{camp,
AUTHOR = {Campolmi, A. and Faia, E.},
TITLE = {Labor Markand Institutions and Inflation Volatility in the Euro Area},
JOURNAL= {Working Paper},
VOLUME = {},
NUMBER = {},
YEAR = {2008},
PAGES = {}
}


@ARTICLE{boreo,
AUTHOR = {Boreo, G. and Smith, J. and Wallis, K. F.},
TITLE = {The Sensitivity of Chi-Squared Goodness-of-Fit Tests to the Partitioning of Data},
JOURNAL= {Econometric Reviews},
VOLUME = {23},
NUMBER = {4},
YEAR = {2004},
PAGES = {341--370}
}



@ARTICLE{busetti,
AUTHOR = {Busetti, F. and Harvey, A. and Forni, L. and Venditti, F.},
TITLE = {Inflation Convergence and Divergence within the European Monandary Union},
JOURNAL= {International Journal of Central Banking},
VOLUME = {3},
NUMBER = {2},
YEAR = {2007},
PAGES = {95--121}
}


@ARTICLE{cap,
AUTHOR = {Carporale, G. and Kotonikas, A.},
TITLE = {The Euro and inflation uncertainty in the European Monandary Union},
JOURNAL= {Journal of International Finance and Money},
VOLUME = {574},
NUMBER = {},
YEAR = {2009},
PAGES = {954--971}
}



@ARTICLE{castel,
AUTHOR = {Castelnuovo, E. and Nicoletti-Altimari, S. and Rodriguez-Palenzuela, D.},
TITLE = {Definition of Price Stability, Range and Point Inflation Targets: The Anchoring of Long-Term Inflation Expectations},
JOURNAL= {ECB Working Paper},
VOLUME = {273},
NUMBER = {},
YEAR = {2003},
PAGES = {}
}


@ARTICLE{cooper,
AUTHOR = {Cooper, R. and Kempf, H.},
TITLE = {Establishing a Montary Union},
JOURNAL= {NBER Working Paper},
VOLUME = {6791},
NUMBER = {},
YEAR = {1998},
PAGES = {}
}


@BOOK{emerson,
AUTHOR = {Emerson, M. and Gros, D. and Italianer, A. and Pisani-Ferry, F. and Reichenbach, H.},
TITLE = {One Market, One Money, An Evaluation of the Potential Benefits and Costs of Forming an Economic and Monetary Union},
EDITION = {},
PUBLISHER = {Oxford University Press},
ADRESS = {London},
YEAR = {1992}
}

@BOOK{poirier,
AUTHOR = {Poirier, D.},
TITLE = {Intermediate Statistics and Econometrics},
EDITION = {},
PUBLISHER = {MIT Press},
ADRESS = {Cambridge, Massachusetts},
YEAR = {1995}
}


@ARTICLE{vandi,
AUTHOR = {Bataa, E. and Sensier, M. and Osborn, D.},
TITLE = {Structural Breaks in the International Transmission of Inflation},
JOURNAL= {Manchester Discussion Paper Series},
VOLUME = {},
NUMBER = {},
YEAR = {2008},
PAGES = {}
}


@ARTICLE{fried,
AUTHOR = {Friedman, M.},
TITLE = {Nobel lecture: Inflation and unemployment},
JOURNAL= {Journal of Political Economy},
VOLUME = {85},
NUMBER = {},
YEAR = {1977},
PAGES = {451--472}
}


@ARTICLE{gali,
AUTHOR = {Gali, J. and Monacelli, T.},
TITLE = {Monetary policy and exchange rate volatility in a small open economy},
JOURNAL= {Review of Economic Studies},
VOLUME = {72},
NUMBER = {},
YEAR = {2005},
PAGES = {707--734}
}


@ARTICLE{giordani,
AUTHOR = {Giordani, P. and Kohn, R.},
TITLE = {Efficient Bayesian Inference for Multiple Change-Point and Mixture Innovation Models},
JOURNAL= {Journal of Business & Economic Statistics},
VOLUME = {26},
NUMBER = {},
YEAR = {2008},
PAGES = {pp.66--77}
}


@ARTICLE{holte,
AUTHOR = {Holtemöller, O.},
TITLE = {The Effects of Joining a Monetary Union on Output and Inflation Variability in Accession Countries},
JOURNAL= {Working Paper Munich Personal RePEc Archiv (MPRA)},
VOLUME = {8633},
NUMBER = {},
YEAR = {2007},
PAGES = {}
}


@ARTICLE{maheu,
AUTHOR = {Gordon, S. and Maheu, J.},
TITLE = {Learning, Forecasting and Structural Breaks},
JOURNAL= {University of Toronto Working Paper},
VOLUME = {284},
NUMBER = {},
YEAR = {2007},
PAGES = {}
}


@ARTICLE{mc1,
AUTHOR = {McCallum, B. and Nelson, T.},
TITLE = {Nominal income targanding in an open-economy optimizing model},
JOURNAL= {Journal of Monandary Economics},
VOLUME = {43},
NUMBER = {},
YEAR = {1999},
PAGES = {553--578}
}

@ARTICLE{mc2,
AUTHOR = {McCallum, B. and Nelson, T.},
TITLE = {Monetary policy for an open economy: an alternative framework with optimizing agents and sticky prices},
JOURNAL= {Oxford Review of Economic Policy},
VOLUME = {16},
NUMBER = {4},
YEAR = {2000},
PAGES = {74--91}
}



@ARTICLE{morana,
AUTHOR = {Morana, C.},
TITLE = {Measuring Core Inflation in the Euro Area},
JOURNAL= {ECB Working Papers},
VOLUME = {36},
NUMBER = {},
YEAR = {2000},
PAGES = {}
}


@ARTICLE{palomba,
AUTHOR = {Palomba, G. and Sarno, E. and Zazzaro, A.},
TITLE = {Testing similarities of short-run inflation dynamics among EU-25 countries after the Euro},
JOURNAL= {Empirical Economics},
VOLUME = {37},
NUMBER = {},
YEAR = {2009},
PAGES = {231--270}
}



@ARTICLE{rother,
AUTHOR = {Rother, P.},
TITLE = {Fiscal Policy and Inflation Volatility},
JOURNAL= {ECB Working Paper},
VOLUME = {317},
NUMBER = {},
YEAR = {2004},
PAGES = {}
}


@ARTICLE{z07,
AUTHOR = {Zeileis, A. and Hornik, K.},
TITLE = {Generalized M-fluctuation tests for parameter instability},
JOURNAL= {Statistica Neerlandica},
VOLUME = {61},
NUMBER = {4},
YEAR = {2007},
PAGES = {488--508}
}


@ARTICLE{abberger,
AUTHOR = {Abberger, K.},
TITLE = {ML-Estimation in the Location-Scale-Shape Model of the Generalized Logistic Distribution},
JOURNAL= {CoFE Discussion Paper},
VOLUME = {02--15},
NUMBER = {},
YEAR = {2002},
PAGES = {}
}


@ARTICLE{z10,
AUTHOR = {Zeileis, A. and Shah, A. and Patnaik, I.},
TITLE = {Testing, monitoring, and dating in structural change in exchange rate regimes},
JOURNAL= {Computational Statistics and Data Analysis},
VOLUME = {54},
NUMBER = {},
YEAR = {2010},
PAGES = {1696--1706}
}

@ARTICLE{massey,
AUTHOR = {Massey, F.},
TITLE = {The Kolmogorov-Smirnov Test for Goodness of Fit},
JOURNAL= {Journal of the American Statistical Assosication},
VOLUME = {45},
NUMBER = {253},
YEAR = {1951},
PAGES = {68--78}
}

@BOOK{johnson,
AUTHOR = {Johnson, N. L. and Kotz, S. and Balakrishnan, S.},
TITLE = {Continuous Univariate Distributions, Volume 2},
EDITION = {2nd},
PUBLISHER = {John Wiley \& Sons},
ADRESS = {New York},
YEAR = {1995}
}



@BOOK{kendal,
AUTHOR = {Stuart, A. and Ord, K. and Arnold, S.},
TITLE = {Kendall's Advanced Theory of Statistics},
EDITION = {Sixth Edition},
PUBLISHER = {John Wiley \& Sons},
ADRESS = {New York},
YEAR = {2009}
}


@ARTICLE{won,
AUTHOR = {Wong, W-K. and Bian, G.},
TITLE = {Estimating Parameters in autoregressive models with asymmetric innovations},
JOURNAL= {Statistics \& Probability Letters},
VOLUME = {71},
NUMBER = {},
YEAR = {2005},
PAGES = {61--70}
}

@ARTICLE{tolikas,
AUTHOR = {Tolikas, K. and Koulakiotis, A. and Brown, R.},
TITLE = {Extreme Risk and Value-at-Risk in the German Stock Market},
JOURNAL= {The European Journal of Finance},
VOLUME = {13},
NUMBER = {4},
YEAR = {2007},
PAGES = {373--395}
}

@ARTICLE{batchelor,
AUTHOR = {Batchelor, R. A. and Orr, A. B.},
TITLE = {Inflation Expectations Revisited},
JOURNAL= {Economica},
VOLUME = {55},
NUMBER = {},
YEAR = {1987},
PAGES = {317--331}
}

