@misc{konseur,
author = {{Konsument Europa}},
title = {Shopping in Europe},
howpublished =  {\url{http://www.konsumenteuropa.se/en/Shopping-in-Europe}},
year = {2010},
note = {[Online, accessessed 17-November-2010]}
}


@misc{ecb,
author = {{European Central Bank}},
title = {Definition of Price Stability},
howpublished = {\url{http://www.ecb.europa.eu/mopo/strategy/pricestab/html/index.en.html}},
year = {2010},
note = {[Online, accessessed 17-November-2010]}
}

@misc{oecd,
author = {{Organisation for Economic Cooperation and Development}},
title = {OECD.Stat},
howpublished = {\url{http://www.oecd-ilibrary.org/content/data/data-00285-en}},
year = {2010},
note = {[Online, accessessed 17-November-2010]}
}

@misc{eurlex,
author = {{Official Journal of the European Communities}},
title = {Commission Regulation (EC) No 2602/2000},
howpublished = {\url{http://eur-lex.europa.eu/LexUriServ/LexUriServ.do?uri=OJ:L:2000:300:0016:0017:EN:PDF}},
year = {2010},
note = {[Online, accessessed 17-November-2010]}
}

@misc{imad,
author = {{Intitute of Macroeconomic Analysis and Developement}},
title = {Euro Changeover Effect on Inflation in Slovenia},
howpublished = {\url{http://www.umar.gov.si/fileadmin/user_upload/sporocila_za_javnost/euro.pdf}},
year = {2007},
note = {[Online, accessessed 17-November-2010]}
}



@ARTICLE{andrews,
AUTHOR = {Andrews, D. W. K.},
TITLE = {Tests for parameter instability and structural change with unknown change point},
JOURNAL= {Econometrica},
VOLUME = {61},
NUMBER = {},
YEAR = {1993},
PAGES = {821--856}
}


@ARTICLE{batchelor,
AUTHOR = {Batchelor, R. A. and Orr, A. B.},
TITLE = {Inflation Expectations Revisited},
JOURNAL= {Economica},
VOLUME = {55},
NUMBER = {219},
YEAR = {1988},
PAGES = {317--331}
}

@ARTICLE{boero,
AUTHOR = {Boero, G. and Smith, J. and Wallis, K. F.},
TITLE = {The Sensitivity of Chi-Squared Goodness-of-Fit Tests to the Partitioning of Data},
JOURNAL= {Econometric Reviews},
VOLUME = {23},
NUMBER = {4},
YEAR = {2004},
PAGES = {341--370}
}

@ARTICLE{busetti,
AUTHOR = {Busetti, F. and Forni, L. and Harvey, A.  and Venditti, F.},
TITLE = {Inflation Convergence and Divergence within the European Monetary Union},
JOURNAL= {International Journal of Central Banking},
VOLUME = {3},
NUMBER = {2},
YEAR = {2007},
PAGES = {95--121}
}

@ARTICLE{cap,
AUTHOR = {Caporale, G. M. and Kontonikas, A.},
TITLE = {The Euro and inflation uncertainty in the European Monetary Union},
JOURNAL= {Journal of International Money and Finance},
VOLUME = {28},
NUMBER = {6},
YEAR = {2009},
PAGES = {954--971}
}

@ARTICLE{castel,
AUTHOR = {Castelnuovo, E. and Nicoletti-Altimari, S. and Rodriguez-Palenzuela, D.},
TITLE = {Definition of Price Stability, Range and Point Inflation Targets: The Anchoring of Long-Term Inflation Expectations},
JOURNAL= {ECB Working Paper},
VOLUME = {},
NUMBER = {273},
YEAR = {2003},
PAGES = {}
}


@ARTICLE{crespo, 
AUTHOR = {Crespo-Cuaresma, J. and Bal\`{a}zs, E. and Silgoner, M. A.},
TITLE = {Price Level Convergence in Europe: Did the Introduction of the Euro Matter?},
JOURNAL= {Monetary Policy and the Economy},
VOLUME = {},
NUMBER = {Q1},
YEAR = {2007},
PAGES = {100--113}
}

@ARTICLE{crespohoe,
AUTHOR = {Crespo-Cuaresma, J. and Silgoner, M. A.},
TITLE = {Growth effects of inflation in Europe: How low is too low, how high is too high?},
JOURNAL= {Working Paper},
VOLUME = {},
NUMBER = {0411},
YEAR = {2004},
PAGES = {}
}

@ARTICLE{cooper,
AUTHOR = {Cooper, R. and Kempf, H.},
TITLE = {Commitment and the Adoption of a Common Currency},
JOURNAL= {International Economic Review},
VOLUME = {44},
NUMBER = {1},
YEAR = {2003},
PAGES = {119--142}
}


@ARTICLE{duarte,
AUTHOR = {Duarte, M. and Wolman, A. L.},
TITLE = {Fiscal policy and regional inflation in a currency union},
JOURNAL= {Journal of International Economics},
VOLUME = {74},
NUMBER = {},
YEAR = {2008},
PAGES = {384--401}
}


@BOOK{emerson,
AUTHOR = {Emerson, M. and Gros, D. and Italianer, A. and Pisani-Ferry, J. and Reichenbach, H.},
TITLE = {One Market, One Money, An Evaluation of the Potential Benefits and Costs of Forming an Economic and Monetary Union},
EDITION = {},
PUBLISHER = {Oxford University Press},
ADRESS = {Oxford},
YEAR = {1992}
}

@ARTICLE{gali,
AUTHOR = {Gali, J. and Monacelli, T.},
TITLE = {Monetary Policy and Exchange Rate Volatility in a Small Open Economy},
JOURNAL= {Review of Economic Studies},
VOLUME = {72},
NUMBER = {3},
YEAR = {2005},
PAGES = {707--734}
}

@ARTICLE{holte,
AUTHOR = {Holtem\"oller, O.},
TITLE = {The Effects of Joining a Monetary Union on Output and Inflation Variability in Accession Countries},
JOURNAL= {MPRA Paper},
VOLUME = {},
NUMBER = {8633},
YEAR = {2007},
PAGES = {}
}

@BOOK{johnson,
AUTHOR = {Johnson, N. L. and Kotz, S. and Balakrishnan, N.},
TITLE = {Continuous Univariate Distributions, Volume 2},
EDITION = {2nd},
PUBLISHER = {John Wiley \& Sons},
ADRESS = {New York},
YEAR = {1995}
}

@ARTICLE{liu,
AUTHOR = {Liu, J. and Wu, S. and Zidek, J.V.},
TITLE = {On Segmented Multivariate Regression},
JOURNAL= {Statistica Sinica},
VOLUME = {7},
NUMBER = {},
YEAR = {1997},
PAGES = {497--525}
}


@ARTICLE{mc1,
AUTHOR = {McCallum, B. T. and Nelson, E.},
TITLE = {Nominal Income Targeting in an Open-Economy Optimizing Model},
JOURNAL= {Journal of Monetary Economics},
VOLUME = {43},
NUMBER = {3},
YEAR = {1999},
PAGES = {553--578}
}

@ARTICLE{mc2,
AUTHOR = {McCallum, B. T. and Nelson, E.},
TITLE = {Monetary Policy for an Open Economy: an Alternative Framework with Optimizing Agents and Sticky Prices},
JOURNAL= {Oxford Review of Economic Policy},
VOLUME = {16},
NUMBER = {4},
YEAR = {2000},
PAGES = {74--91}
}

@ARTICLE{morana,
AUTHOR = {Morana, C.},
TITLE = {Measuring Core Inflation in the Euro Area},
JOURNAL= {ECB Working Paper},
VOLUME = {},
NUMBER = {36},
YEAR = {2000},
PAGES = {}
}

@ARTICLE{palomba,
AUTHOR = {Palomba, G. and Sarno, E. and Zazzaro, A.},
TITLE = {Testing Similarities of Short-Run Inflation Dynamics among EU-25 Countries after the Euro},
JOURNAL= {Empirical Economics},
VOLUME = {37},
NUMBER = {2},
YEAR = {2009},
PAGES = {231--270}
}

@BOOK{kendal,
AUTHOR = {Stuart, A. and Ord, K. and Arnold, S.},
TITLE = {Kendall's Advanced Theory of Statistics, Volume 2A},
EDITION = {Sixth Edition},
PUBLISHER = {John Wiley \& Sons},
ADRESS = {New York},
YEAR = {2009}
}

@ARTICLE{slacik,
AUTHOR = {Sla\v{c}ik, T.},
TITLE = {(How) Will the Euro Affect Inflation in the Czech Republic? A contribution to the current debate},
JOURNAL= {FIW-Working Paper},
VOLUME = {},
NUMBER = {18},
YEAR = {2008},
PAGES = {}
}


@ARTICLE{tolikas,
AUTHOR = {Tolikas, K. and Koulakiotis, A. and Brown, R. A.},
TITLE = {Extreme Risk and Value-at-Risk in the German Stock Market},
JOURNAL= {The European Journal of Finance},
VOLUME = {13},
NUMBER = {4},
YEAR = {2007},
PAGES = {373--395}
}

@ARTICLE{won,
AUTHOR = {Wong, W. K. and Bian, G.},
TITLE = {Estimating Parameters in Autoregressive Models with Asymmetric Innovations},
JOURNAL= {Statistics \& Probability Letters},
VOLUME = {71},
NUMBER = {1},
YEAR = {2005},
PAGES = {61--70}
}


@ARTICLE{z07,
AUTHOR = {Zeileis, A. and Hornik, K.},
TITLE = {Generalized M-Fluctuation Tests for Parameter Instability},
JOURNAL= {Statistica Neerlandica},
VOLUME = {61},
NUMBER = {4},
YEAR = {2007},
PAGES = {488--508}
}

@ARTICLE{z10,
AUTHOR = {Zeileis, A. and Shah, A. and Patnaik, I.},
TITLE = {Testing, Monitoring, and Dating Structural Changes in Exchange Rate Regimes},
JOURNAL= {Computational Statistics \& Data Analysis},
VOLUME = {54},
NUMBER = {6},
YEAR = {2010},
PAGES = {1696--1706}
}
